%@string{WWW = "Proceedings of the Intl. World Wide Web Conference"}
@article{hall2009weka,
  title={The WEKA data mining software: an update},
  author={Hall, M. and Frank, E. and Holmes, G. and Pfahringer, B. and Reutemann, P. and Witten, I.H.},
  journal={ACM SIGKDD Explorations Newsletter},
  volume={11},
  number={1},
  pages={10--18},
  year={2009}
}
@article{CC01a,
 author = {Chang, Chih-Chung and Lin, Chih-Jen},
 title = {{LIBSVM}: A library for support vector machines},
 journal = {ACM Trans. on Intelligent Systems and Technology},
 volume = {2},
 issue = {3},
 year = {2011},
 pages = {1-27}
}

@inproceedings{su2008discriminative,
  title={Discriminative parameter learning for Bayesian networks},
  author={Su, J. and Zhang, H. and Ling, C.X. and Matwin, S.},
  booktitle={ICML},
  year={2008}
}

@misc{Kremerskothen11,
author = {K. Kremerskothen},
%title = {6,000,000,000.},
howpublished = {http://blog.flickr.net/en/2011/08/04/6000000000/}
}

@misc{ghcn,
howpublished = {http://www.ncdc.noaa.gov/oa/climate/ghcn-daily/}
}

%@misc{Rodic11,
%author = {N. Rodic Marsan}, 
%title = {Facebook photo trends},
%howpublished = {http://classic.pixable.com/blog/2011/02/14/facebook-photo-trends-infographic/}
%}

@Article{peopleplaces10leonardo,
  author = 	 {D. Crandall and N. Snavely},
  title = 	 {Networks of Landmarks, Photos, and People},
  journal =    {Leonardo},
  year = 	 {2011},
  volume = 44,
  number = 3,
  pages = {240-243}
}

@article{moritz08changes,
author = {C. Moritz and  J. L. Patton and C. J. Conroy and J. L. Parra and G. C. White and S. R. Beissinger},
year = 2008,
title = {Impact of a century of climate change on small-mammal communities in Yosemite National Park, USA},
journal = {Science},
volume = 322,
pages = {261-264}
}

@book{ipcc2007climate,
author = {Parry, Martin L. and Canziani, Osvaldo F. and Palutikof, Jean P. and van der Linden, Paul J. and Hanson, Clair E},
title = {IPCC, 2007: Climate Change 2007: Impacts, Adaptation, and Vulnerability},
publisher = {Cambridge University Press},
year = 2007}

@article{bollen11twitter,
author = {Johan Bollen and Huina Mao and Xiao-Jun Zeng},
title = {Twitter mood predicts the stock market},
journal = {Journal of Computational Science},
volume = 2,
number = 1,
year = 2011,
pages = {1-8}
}

@string{KDD = "KDD"} 

@InProceedings{feedback08kdd,
  author = 	 {D. Crandall and D. Cosley and D. Huttenlocher and J. Kleinberg and S. Suri},
  title = 	 {Feedback Effects between Similarity and Social Influence in Online Communities},
  booktitle =    KDD,
  year = 	 {2008},
}

@article{lazer09, 
author = {D. {Lazer et al}}, 
title = {Life in the network: the coming age of computational social science},
journal = {Science},
volume = 323,
number = 5915,
pages = {721-723},
year = 2009,
}

@inproceedings{jin10prediction,
author = {X. Jin and A. Gallagher and L. Cao and J. Luo and J. Han},
title = {The Wisdom of Social Multimedia: Using {F}lickr For Prediction and Forecast},
booktitle = {ACM Multimedia},
year = 2010
}

@inproceedings{delongueville09,
 author = {De Longueville, Bertrand and Smith, Robin S. and Luraschi, Gianluca},
 title = {"{OMG}, from here, I can see the flames!"},
 booktitle = {Proc. Intl. Workshop on Location Based Social Networks},
 year = {2009},
 pages = {73--80}
} 

@inproceedings{singh10socialpixels,
 author = {Singh, Vivek K. and Gao, Mingyan and Jain, Ramesh},
 title = {Social pixels: genesis and evaluation},
 booktitle = {ACM Multimedia},
 year = {2010}
} 


@article{brockmann06,
author = {D. Brockmann and L. Hufnagel and T. Geisel},
title = {The scaling laws of human travel},
journal = {Nature},
volume = 439,
pages = {462-465},
year= 2006
}

@article{ginsberg09flu, 
author = {J. Ginsberg and M. Mohebbi and R.S. Patel and L. Brammer and M. Smolinski and L. Brilliant},
title = {Detecting influenza epidemics using search engine query data},
journal = {Nature},
volume = 457,
pages = {1012-1014},
year = 2009
}

@inproceedings{anagnostpopoulos08,
  author = {Aris Anagnostopoulos and Ravi Kumar and Mohammad Mahdian},
  title = {Influence and correlation in social networks},
  booktitle = {KDD},
  year = 2008
}

@misc{lostladybug,
title = {Lost Ladybug Project},
howpublished = {http://www.lostladybug.org}
}

@misc{greatsunflower,
title = {The Great Sunflower Project},
howpublished = {http://www.greatsunflower.org}
}

@article{libennowell08,
title = {Tracing information flow on a global scale using Internet chain-letter data},
author = {D. Liben-Nowell and J. Kleinberg},
journal = {PNAS},
%volume = 105,
%number = 12,
%pages = {4633-4638},
year = 2008
}

@inproceedings{oconnor10mood,
author = {B. O'Connor and R. Balasubramanyan and B. Routedge and N. Smith},
title = {From tweets to polls: Linking text sentiment to public opinion time series},
booktitle = {ICWSM},
year = 2010
}

@misc{modissnow,
author = {Hall, D. K. and G. A. Riggs and V. V. Salomonson},
year = {2011, updated daily},
title = {{MODIS/Terra Snow Cover Daily L3 Global 0.05Deg CMG V004}},
howpublished = {Boulder, CO, USA: National Snow and Ice Data Center}
}

@misc{modisveg,
author = {{Land Processes Distributed Active Archive Center}},
title = {{MODIS/Terra Vegetation Indices 16-Day L3 Global 0.05Deg CMG V005}},
year = {2011},
howpublished = {Sioux Falls, SD: U.S. Geological Survey.}
}
@misc{Fan2008,
    author = {Rong-En Fan and Kai-Wei Chang and Cho-Jui Hsieh and Xiang-Rui Wang and Chih-Jen Lin},
    title = {LIBLINEAR - A Library for Large Linear Classification},
    year = {2008},
    URL = {http://www.csie.ntu.edu.tw/\~cjlin/liblinear/}
 }
@inproceedings{john1995estimating,
  title={Estimating continuous distributions in Bayesian classifiers},
  author={John, G.H. and Langley, P.},
  booktitle={Proc. Uncertainty in AI},
  year={1995}
}

@techreport{squires5,
  title={Development of an Operational Northeast Snowfall Impact Scale},
  author={Squires, M.F. and Lawrimore, J.H.},
year=2006,
institution={NOAA National Climatic Data Center}
}
@misc{noaa1,
title = {Global Historical Climatology Network - Daily},
howpublished = {http://www.ncdc.noaa.gov/oa/climate/ghcn-daily/}
}


@article{gist,
title={Contextual priming for object detection},
author={A. Torralba},
journal={International Journal of Computer Vision},
year=2003
}

@inproceedings{hays, 
  Author    = {James Hays and Alexei A. Efros},
  Title     = {{IM2GPS}: Estimating Geographic Information from a Single Image},
  Booktitle = {CVPR},
  Year      = {2008},
}

@book{lab,
author = {R.W.G. Hunt},
title = {Measuring Color}, 
publisher = {London: Fountain Press},
year  = 1998
}

@book{szeliski,
author = {R. Szeliski},
title = {Computer Vision: Algorithms and Applications}, 
publisher = {Springer},
year  = 2010
}

@misc{noaa2,

title = {Climatological Data Publications},
howpublished = {http://www7.ncdc.noaa.gov/IPS/cd/cd.html}
}

@article{auc,
author = {Vergara, I. and Norambuena, T. and Ferrada, E. and Slater, A. and Melo, F.},
title = {{StAR}: a simple tool for the statistical comparison of {ROC} curves},
journal = {BMC Bioinformatics},
volume = 9,
number = 1,
year = 2008,
pages = {265}
}
%%%%%%%%%%%%%%%55555
%\bibitem{Kremerskothen11}
%K.~Kremerskothen.
%\newblock http://blog.flickr.net/en/2011/08/04/6000000000/
